@article{alchemist,
    author       = {Pianini, Danilo and Montagna, Sara and Viroli, Mirko},
    publisher    = {Informa {UK} Limited},
    url          = {https://doi.org/10.1057/jos.2012.27},
    date         = {2013-08},
    doi          = {10.1057/jos.2012.27},
    journaltitle = {Journal of Simulation},
    number       = {3},
    pages        = {202--215},
    title        = {Chemical-oriented simulation of computational systems with {ALCHEMIST}},
    volume       = {7},
}

